@article{shirmohammady_izadkhah_isazadeh_2021,
    title={PPI-ga: A novel clustering algorithm to identify protein complexes within protein-protein interaction networks using genetic algorithm}, 
    volume={2021}, 
    DOI={10.1155/2021/2132516}, 
    journal={Complexity}, 
    author={Shirmohammady, Naeem and Izadkhah, Habib and Isazadeh, Ayaz}, 
    year={2021}, 
    pages={1–14}
}

@article{asur_ucar_parthasarathy_2007,
    title={An ensemble framework for clustering protein–protein interaction networks}, 
    volume={23}, 
    DOI={10.1093/bioinformatics/btm212}, 
    number={13}, 
    journal={Bioinformatics}, 
    author={Asur, Sitaram and Ucar, Duygu and Parthasarathy, Srinivasan}, 
    year={2007}, 
    pages={i29–i40}
}

@article{wu_liao_liu_2019, 
    title={A comprehensive review and evaluation of computational methods for identifying protein complexes from protein–protein interaction networks}, 
    volume={21}, 
    DOI={10.1093/bib/bbz085}, 
    number={5}, 
    journal={Briefings in Bioinformatics}, 
    author={Wu, Zhourun and Liao, Qing and Liu, Bin}, year={2019}, 
    pages={1531–1548}
} 

@article{bajpai_davuluri_tiwary_narayanan_oguru_basavaraju_dayalan_thirumurugan_acharya_2020, 
    title={Systematic comparison of the protein-protein interaction databases from a user's perspective}, 
    volume={103}, 
    DOI={10.1016/j.jbi.2020.103380}, 
    journal={Journal of Biomedical Informatics}, 
    author={Bajpai, Akhilesh Kumar and Davuluri, Sravanthi and Tiwary, Kriti and Narayanan, Sithalechumi and Oguru, Sailaja and Basavaraju, Kavyashree and Dayalan, Deena and Thirumurugan, Kavitha and Acharya, Kshitish K.}, 
    year={2020}, 
    pages={103380}
}

@article{zahiri_emamjomeh_bagheri_ivazeh_mahdevar_sepasi tehrani_mirzaie_fakheri_mohammad-noori_2020, 
    title={Protein complex prediction: A survey}, 
    volume={112}, 
    DOI={10.1016/j.ygeno.2019.01.011}, 
    number={1}, journal={Genomics}, 
    author={Zahiri, Javad and Emamjomeh, Abbasali and Bagheri, Samaneh and Ivazeh, Asma and Mahdevar, Ghasem and Sepasi Tehrani, Hessam and Mirzaie, Mehdi and Fakheri, Barat Ali and Mohammad-Noori, Morteza}, 
    year={2020}, 
    pages={174–183}
} 